%YAML 1.1
%TAG !u! tag:unity3d.com,2011:
--- !u!1 &1348828320
GameObject:
  m_ObjectHideFlags: 0
  m_CorrespondingSourceObject: {fileID: 0}
  m_PrefabInstance: {fileID: 0}
  m_PrefabAsset: {fileID: 0}
  serializedVersion: 6
  m_Component:
  - component: {fileID: 1348828321}
  - component: {fileID: 1348828324}
  - component: {fileID: 1348828323}
  - component: {fileID: 1348828322}
  m_Layer: 5
  m_Name: BackBtn
  m_TagString: Untagged
  m_Icon: {fileID: 0}
  m_NavMeshLayer: 0
  m_StaticEditorFlags: 0
  m_IsActive: 1
--- !u!224 &1348828321
RectTransform:
  m_ObjectHideFlags: 0
  m_CorrespondingSourceObject: {fileID: 0}
  m_PrefabInstance: {fileID: 0}
  m_PrefabAsset: {fileID: 0}
  m_GameObject: {fileID: 1348828320}
  m_LocalRotation: {x: -0, y: -0, z: -0, w: 1}
  m_LocalPosition: {x: 0, y: 0, z: 0}
  m_LocalScale: {x: 1, y: 1, z: 1}
  m_Children: []
  m_Father: {fileID: 1352865038683420033}
  m_RootOrder: 0
  m_LocalEulerAnglesHint: {x: 0, y: 0, z: 0}
  m_AnchorMin: {x: 1, y: 1}
  m_AnchorMax: {x: 1, y: 1}
  m_AnchoredPosition: {x: -70.00002, y: -59.999958}
  m_SizeDelta: {x: 120, y: 120}
  m_Pivot: {x: 1, y: 1}
--- !u!222 &1348828324
CanvasRenderer:
  m_ObjectHideFlags: 0
  m_CorrespondingSourceObject: {fileID: 0}
  m_PrefabInstance: {fileID: 0}
  m_PrefabAsset: {fileID: 0}
  m_GameObject: {fileID: 1348828320}
  m_CullTransparentMesh: 1
--- !u!114 &1348828323
MonoBehaviour:
  m_ObjectHideFlags: 0
  m_CorrespondingSourceObject: {fileID: 0}
  m_PrefabInstance: {fileID: 0}
  m_PrefabAsset: {fileID: 0}
  m_GameObject: {fileID: 1348828320}
  m_Enabled: 1
  m_EditorHideFlags: 0
  m_Script: {fileID: 11500000, guid: fe87c0e1cc204ed48ad3b37840f39efc, type: 3}
  m_Name: 
  m_EditorClassIdentifier: 
  m_Material: {fileID: 0}
  m_Color: {r: 1, g: 1, b: 1, a: 1}
  m_RaycastTarget: 1
  m_RaycastPadding: {x: 0, y: 0, z: 0, w: 0}
  m_Maskable: 1
  m_OnCullStateChanged:
    m_PersistentCalls:
      m_Calls: []
  m_Sprite: {fileID: 21300000, guid: 402cfaf066fbc97429c7158cdd5a77e3, type: 3}
  m_Type: 0
  m_PreserveAspect: 1
  m_FillCenter: 1
  m_FillMethod: 4
  m_FillAmount: 1
  m_FillClockwise: 1
  m_FillOrigin: 0
  m_UseSpriteMesh: 0
  m_PixelsPerUnitMultiplier: 1
--- !u!114 &1348828322
MonoBehaviour:
  m_ObjectHideFlags: 0
  m_CorrespondingSourceObject: {fileID: 0}
  m_PrefabInstance: {fileID: 0}
  m_PrefabAsset: {fileID: 0}
  m_GameObject: {fileID: 1348828320}
  m_Enabled: 1
  m_EditorHideFlags: 0
  m_Script: {fileID: 11500000, guid: 4e29b1a8efbd4b44bb3f3716e73f07ff, type: 3}
  m_Name: 
  m_EditorClassIdentifier: 
  m_Navigation:
    m_Mode: 3
    m_WrapAround: 0
    m_SelectOnUp: {fileID: 0}
    m_SelectOnDown: {fileID: 0}
    m_SelectOnLeft: {fileID: 0}
    m_SelectOnRight: {fileID: 0}
  m_Transition: 1
  m_Colors:
    m_NormalColor: {r: 1, g: 1, b: 1, a: 1}
    m_HighlightedColor: {r: 0.9607843, g: 0.9607843, b: 0.9607843, a: 1}
    m_PressedColor: {r: 0.78431374, g: 0.78431374, b: 0.78431374, a: 1}
    m_SelectedColor: {r: 0.9607843, g: 0.9607843, b: 0.9607843, a: 1}
    m_DisabledColor: {r: 0.78431374, g: 0.78431374, b: 0.78431374, a: 0.5019608}
    m_ColorMultiplier: 1
    m_FadeDuration: 0.1
  m_SpriteState:
    m_HighlightedSprite: {fileID: 0}
    m_PressedSprite: {fileID: 0}
    m_SelectedSprite: {fileID: 0}
    m_DisabledSprite: {fileID: 0}
  m_AnimationTriggers:
    m_NormalTrigger: Normal
    m_HighlightedTrigger: Highlighted
    m_PressedTrigger: Pressed
    m_SelectedTrigger: Selected
    m_DisabledTrigger: Disabled
  m_Interactable: 1
  m_TargetGraphic: {fileID: 1348828323}
  m_OnClick:
    m_PersistentCalls:
      m_Calls:
      - m_Target: {fileID: 5905738693252419098}
        m_TargetAssemblyTypeName: UnityEngine.GameObject, UnityEngine
        m_MethodName: SetActive
        m_Mode: 6
        m_Arguments:
          m_ObjectArgument: {fileID: 0}
          m_ObjectArgumentAssemblyTypeName: UnityEngine.Object, UnityEngine
          m_IntArgument: 0
          m_FloatArgument: 0
          m_StringArgument: Menu
          m_BoolArgument: 0
        m_CallState: 2
--- !u!1 &1352865038644238110
GameObject:
  m_ObjectHideFlags: 0
  m_CorrespondingSourceObject: {fileID: 0}
  m_PrefabInstance: {fileID: 0}
  m_PrefabAsset: {fileID: 0}
  serializedVersion: 6
  m_Component:
  - component: {fileID: 1352865038644238111}
  - component: {fileID: 1352865038644238109}
  - component: {fileID: 1352865038644238108}
  m_Layer: 5
  m_Name: Background
  m_TagString: Untagged
  m_Icon: {fileID: 0}
  m_NavMeshLayer: 0
  m_StaticEditorFlags: 0
  m_IsActive: 1
--- !u!224 &1352865038644238111
RectTransform:
  m_ObjectHideFlags: 0
  m_CorrespondingSourceObject: {fileID: 0}
  m_PrefabInstance: {fileID: 0}
  m_PrefabAsset: {fileID: 0}
  m_GameObject: {fileID: 1352865038644238110}
  m_LocalRotation: {x: -0, y: -0, z: -0, w: 1}
  m_LocalPosition: {x: 0, y: 0, z: 0}
  m_LocalScale: {x: 1, y: 1, z: 1}
  m_Children:
  - {fileID: 1352865038683420033}
  m_Father: {fileID: 3116459448542155269}
  m_RootOrder: 0
  m_LocalEulerAnglesHint: {x: 0, y: 0, z: 0}
  m_AnchorMin: {x: 0, y: 0}
  m_AnchorMax: {x: 1, y: 1}
  m_AnchoredPosition: {x: 0, y: 0}
  m_SizeDelta: {x: 0, y: 0}
  m_Pivot: {x: 0.5, y: 0.5}
--- !u!222 &1352865038644238109
CanvasRenderer:
  m_ObjectHideFlags: 0
  m_CorrespondingSourceObject: {fileID: 0}
  m_PrefabInstance: {fileID: 0}
  m_PrefabAsset: {fileID: 0}
  m_GameObject: {fileID: 1352865038644238110}
  m_CullTransparentMesh: 1
--- !u!114 &1352865038644238108
MonoBehaviour:
  m_ObjectHideFlags: 0
  m_CorrespondingSourceObject: {fileID: 0}
  m_PrefabInstance: {fileID: 0}
  m_PrefabAsset: {fileID: 0}
  m_GameObject: {fileID: 1352865038644238110}
  m_Enabled: 1
  m_EditorHideFlags: 0
  m_Script: {fileID: 11500000, guid: fe87c0e1cc204ed48ad3b37840f39efc, type: 3}
  m_Name: 
  m_EditorClassIdentifier: 
  m_Material: {fileID: 0}
  m_Color: {r: 0, g: 0, b: 0, a: 0.7372549}
  m_RaycastTarget: 1
  m_RaycastPadding: {x: 0, y: 0, z: 0, w: 0}
  m_Maskable: 1
  m_OnCullStateChanged:
    m_PersistentCalls:
      m_Calls: []
  m_Sprite: {fileID: 0}
  m_Type: 0
  m_PreserveAspect: 0
  m_FillCenter: 1
  m_FillMethod: 4
  m_FillAmount: 1
  m_FillClockwise: 1
  m_FillOrigin: 0
  m_UseSpriteMesh: 0
  m_PixelsPerUnitMultiplier: 1
--- !u!1 &1352865038683420032
GameObject:
  m_ObjectHideFlags: 0
  m_CorrespondingSourceObject: {fileID: 0}
  m_PrefabInstance: {fileID: 0}
  m_PrefabAsset: {fileID: 0}
  serializedVersion: 6
  m_Component:
  - component: {fileID: 1352865038683420033}
  - component: {fileID: 1352865038683420039}
  - component: {fileID: 1352865038683420038}
  m_Layer: 5
  m_Name: Block
  m_TagString: Untagged
  m_Icon: {fileID: 0}
  m_NavMeshLayer: 0
  m_StaticEditorFlags: 0
  m_IsActive: 1
--- !u!224 &1352865038683420033
RectTransform:
  m_ObjectHideFlags: 0
  m_CorrespondingSourceObject: {fileID: 0}
  m_PrefabInstance: {fileID: 0}
  m_PrefabAsset: {fileID: 0}
  m_GameObject: {fileID: 1352865038683420032}
  m_LocalRotation: {x: 0, y: 0, z: 0, w: 1}
  m_LocalPosition: {x: 0, y: 0, z: 0}
  m_LocalScale: {x: 1, y: 1, z: 1}
  m_Children:
  - {fileID: 1348828321}
  - {fileID: 3984205743145564159}
  m_Father: {fileID: 1352865038644238111}
  m_RootOrder: 0
  m_LocalEulerAnglesHint: {x: 0, y: 0, z: 0}
  m_AnchorMin: {x: 0.5, y: 0.5}
  m_AnchorMax: {x: 0.5, y: 0.5}
  m_AnchoredPosition: {x: 0, y: 0}
  m_SizeDelta: {x: 1692.585, y: 1000}
  m_Pivot: {x: 0.5, y: 0.5}
--- !u!222 &1352865038683420039
CanvasRenderer:
  m_ObjectHideFlags: 0
  m_CorrespondingSourceObject: {fileID: 0}
  m_PrefabInstance: {fileID: 0}
  m_PrefabAsset: {fileID: 0}
  m_GameObject: {fileID: 1352865038683420032}
  m_CullTransparentMesh: 1
--- !u!114 &1352865038683420038
MonoBehaviour:
  m_ObjectHideFlags: 0
  m_CorrespondingSourceObject: {fileID: 0}
  m_PrefabInstance: {fileID: 0}
  m_PrefabAsset: {fileID: 0}
  m_GameObject: {fileID: 1352865038683420032}
  m_Enabled: 1
  m_EditorHideFlags: 0
  m_Script: {fileID: 11500000, guid: fe87c0e1cc204ed48ad3b37840f39efc, type: 3}
  m_Name: 
  m_EditorClassIdentifier: 
  m_Material: {fileID: 0}
  m_Color: {r: 0.19607845, g: 0.2627451, b: 0.33333334, a: 1}
  m_RaycastTarget: 1
  m_RaycastPadding: {x: 0, y: 0, z: 0, w: 0}
  m_Maskable: 1
  m_OnCullStateChanged:
    m_PersistentCalls:
      m_Calls: []
  m_Sprite: {fileID: 21300000, guid: 583ab4fc3380d77418a62c9a76d7beda, type: 3}
  m_Type: 1
  m_PreserveAspect: 0
  m_FillCenter: 1
  m_FillMethod: 4
  m_FillAmount: 1
  m_FillClockwise: 1
  m_FillOrigin: 0
  m_UseSpriteMesh: 0
  m_PixelsPerUnitMultiplier: 1
--- !u!1 &1352865039803563839
GameObject:
  m_ObjectHideFlags: 0
  m_CorrespondingSourceObject: {fileID: 0}
  m_PrefabInstance: {fileID: 0}
  m_PrefabAsset: {fileID: 0}
  serializedVersion: 6
  m_Component:
  - component: {fileID: 1352865039803563779}
  - component: {fileID: 1352865039803563778}
  - component: {fileID: 1352865039803563837}
  - component: {fileID: 1352865039803563836}
  - component: {fileID: 6228892555640925558}
  m_Layer: 5
  m_Name: RankingDisplay
  m_TagString: Untagged
  m_Icon: {fileID: 0}
  m_NavMeshLayer: 0
  m_StaticEditorFlags: 0
  m_IsActive: 1
--- !u!224 &1352865039803563779
RectTransform:
  m_ObjectHideFlags: 0
  m_CorrespondingSourceObject: {fileID: 0}
  m_PrefabInstance: {fileID: 0}
  m_PrefabAsset: {fileID: 0}
  m_GameObject: {fileID: 1352865039803563839}
  m_LocalRotation: {x: 0, y: 0, z: 0, w: 1}
  m_LocalPosition: {x: 0, y: 0, z: 0}
  m_LocalScale: {x: 0, y: 0, z: 0}
  m_Children:
  - {fileID: 3116459448542155269}
  m_Father: {fileID: 0}
  m_RootOrder: 0
  m_LocalEulerAnglesHint: {x: 0, y: 0, z: 0}
  m_AnchorMin: {x: 0, y: 0}
  m_AnchorMax: {x: 0, y: 0}
  m_AnchoredPosition: {x: 0, y: 0}
  m_SizeDelta: {x: 0, y: 0}
  m_Pivot: {x: 0, y: 0}
--- !u!223 &1352865039803563778
Canvas:
  m_ObjectHideFlags: 0
  m_CorrespondingSourceObject: {fileID: 0}
  m_PrefabInstance: {fileID: 0}
  m_PrefabAsset: {fileID: 0}
  m_GameObject: {fileID: 1352865039803563839}
  m_Enabled: 1
  serializedVersion: 3
  m_RenderMode: 0
  m_Camera: {fileID: 0}
  m_PlaneDistance: 100
  m_PixelPerfect: 0
  m_ReceivesEvents: 1
  m_OverrideSorting: 0
  m_OverridePixelPerfect: 0
  m_SortingBucketNormalizedSize: 0
  m_AdditionalShaderChannelsFlag: 0
  m_SortingLayerID: 0
  m_SortingOrder: 5
  m_TargetDisplay: 0
--- !u!114 &1352865039803563837
MonoBehaviour:
  m_ObjectHideFlags: 0
  m_CorrespondingSourceObject: {fileID: 0}
  m_PrefabInstance: {fileID: 0}
  m_PrefabAsset: {fileID: 0}
  m_GameObject: {fileID: 1352865039803563839}
  m_Enabled: 1
  m_EditorHideFlags: 0
  m_Script: {fileID: 11500000, guid: 0cd44c1031e13a943bb63640046fad76, type: 3}
  m_Name: 
  m_EditorClassIdentifier: 
  m_UiScaleMode: 1
  m_ReferencePixelsPerUnit: 100
  m_ScaleFactor: 1
  m_ReferenceResolution: {x: 1920, y: 1080}
  m_ScreenMatchMode: 0
  m_MatchWidthOrHeight: 1
  m_PhysicalUnit: 3
  m_FallbackScreenDPI: 96
  m_DefaultSpriteDPI: 96
  m_DynamicPixelsPerUnit: 1
  m_PresetInfoIsWorld: 0
--- !u!114 &1352865039803563836
MonoBehaviour:
  m_ObjectHideFlags: 0
  m_CorrespondingSourceObject: {fileID: 0}
  m_PrefabInstance: {fileID: 0}
  m_PrefabAsset: {fileID: 0}
  m_GameObject: {fileID: 1352865039803563839}
  m_Enabled: 1
  m_EditorHideFlags: 0
  m_Script: {fileID: 11500000, guid: dc42784cf147c0c48a680349fa168899, type: 3}
  m_Name: 
  m_EditorClassIdentifier: 
  m_IgnoreReversedGraphics: 1
  m_BlockingObjects: 0
  m_BlockingMask:
    serializedVersion: 2
    m_Bits: 4294967295
--- !u!114 &6228892555640925558
MonoBehaviour:
  m_ObjectHideFlags: 0
  m_CorrespondingSourceObject: {fileID: 0}
  m_PrefabInstance: {fileID: 0}
  m_PrefabAsset: {fileID: 0}
  m_GameObject: {fileID: 1352865039803563839}
  m_Enabled: 1
  m_EditorHideFlags: 0
  m_Script: {fileID: 11500000, guid: fcce860553c7a6a4d97da1ac938750a6, type: 3}
  m_Name: 
  m_EditorClassIdentifier: 
  loader: {fileID: 0}
  panel: {fileID: 5905738693252419098}
  rankingRows:
  - {fileID: 5688477966423494754}
  - {fileID: 7218226482118192979}
  - {fileID: 574470088200948744}
  - {fileID: 8335707921216674935}
  defaultName: Sin Nombre
  content: {fileID: 7717719019019967704}
  aimer: {fileID: 6627779977493994476}
--- !u!1 &1580736097930676420
GameObject:
  m_ObjectHideFlags: 0
  m_CorrespondingSourceObject: {fileID: 0}
  m_PrefabInstance: {fileID: 0}
  m_PrefabAsset: {fileID: 0}
  serializedVersion: 6
  m_Component:
  - component: {fileID: 1749461433239853175}
  - component: {fileID: 3180778940965246641}
  - component: {fileID: 6627779977493994476}
  m_Layer: 5
  m_Name: Board
  m_TagString: Untagged
  m_Icon: {fileID: 0}
  m_NavMeshLayer: 0
  m_StaticEditorFlags: 0
  m_IsActive: 1
--- !u!224 &1749461433239853175
RectTransform:
  m_ObjectHideFlags: 0
  m_CorrespondingSourceObject: {fileID: 0}
  m_PrefabInstance: {fileID: 0}
  m_PrefabAsset: {fileID: 0}
  m_GameObject: {fileID: 1580736097930676420}
  m_LocalRotation: {x: -0, y: -0, z: -0, w: 1}
  m_LocalPosition: {x: 0, y: 0, z: 0}
  m_LocalScale: {x: 1, y: 1, z: 1}
  m_Children:
  - {fileID: 4943165471262546192}
  - {fileID: 8958329978407277507}
  - {fileID: 4821723744565043047}
  m_Father: {fileID: 3116459448542155269}
  m_RootOrder: 1
  m_LocalEulerAnglesHint: {x: 0, y: 0, z: 0}
  m_AnchorMin: {x: 0.5, y: 0.5}
  m_AnchorMax: {x: 0.5, y: 0.5}
  m_AnchoredPosition: {x: 25, y: -225}
  m_SizeDelta: {x: 1318, y: 410}
  m_Pivot: {x: 0.5, y: 0.5}
--- !u!114 &3180778940965246641
MonoBehaviour:
  m_ObjectHideFlags: 0
  m_CorrespondingSourceObject: {fileID: 0}
  m_PrefabInstance: {fileID: 0}
  m_PrefabAsset: {fileID: 0}
  m_GameObject: {fileID: 1580736097930676420}
  m_Enabled: 1
  m_EditorHideFlags: 0
  m_Script: {fileID: 11500000, guid: 1aa08ab6e0800fa44ae55d278d1423e3, type: 3}
  m_Name: 
  m_EditorClassIdentifier: 
  m_Content: {fileID: 7717719019019967704}
  m_Horizontal: 0
  m_Vertical: 1
  m_MovementType: 1
  m_Elasticity: 0.1
  m_Inertia: 1
  m_DecelerationRate: 0.135
  m_ScrollSensitivity: 1
  m_Viewport: {fileID: 8958329978407277507}
  m_HorizontalScrollbar: {fileID: 0}
  m_VerticalScrollbar: {fileID: 1480813839971603094}
  m_HorizontalScrollbarVisibility: 0
  m_VerticalScrollbarVisibility: 1
  m_HorizontalScrollbarSpacing: 0
  m_VerticalScrollbarSpacing: 30
  m_OnValueChanged:
    m_PersistentCalls:
      m_Calls: []
--- !u!114 &6627779977493994476
MonoBehaviour:
  m_ObjectHideFlags: 0
  m_CorrespondingSourceObject: {fileID: 0}
  m_PrefabInstance: {fileID: 0}
  m_PrefabAsset: {fileID: 0}
  m_GameObject: {fileID: 1580736097930676420}
  m_Enabled: 1
  m_EditorHideFlags: 0
  m_Script: {fileID: 11500000, guid: f83eab57b9c34a44bafb9a29e09c85e5, type: 3}
  m_Name: 
  m_EditorClassIdentifier: 
  content: {fileID: 7717719019019967704}
  bar: {fileID: 1480813839971603094}
--- !u!1 &1905049278715274952
GameObject:
  m_ObjectHideFlags: 0
  m_CorrespondingSourceObject: {fileID: 0}
  m_PrefabInstance: {fileID: 0}
  m_PrefabAsset: {fileID: 0}
  serializedVersion: 6
  m_Component:
  - component: {fileID: 7717719019019967704}
  - component: {fileID: 2764483049991921354}
  - component: {fileID: 716002395486634577}
  - component: {fileID: 2375118732551957357}
  m_Layer: 5
  m_Name: Content
  m_TagString: Untagged
  m_Icon: {fileID: 0}
  m_NavMeshLayer: 0
  m_StaticEditorFlags: 0
  m_IsActive: 1
--- !u!224 &7717719019019967704
RectTransform:
  m_ObjectHideFlags: 0
  m_CorrespondingSourceObject: {fileID: 0}
  m_PrefabInstance: {fileID: 0}
  m_PrefabAsset: {fileID: 0}
  m_GameObject: {fileID: 1905049278715274952}
  m_LocalRotation: {x: 0, y: 0, z: 0, w: 1}
  m_LocalPosition: {x: 0, y: 0, z: 0}
  m_LocalScale: {x: 0.9506829, y: 0.9506829, z: 0.9506829}
  m_Children:
  - {fileID: 201455928771200305}
  m_Father: {fileID: 8958329978407277507}
  m_RootOrder: 0
  m_LocalEulerAnglesHint: {x: 0, y: 0, z: 0}
  m_AnchorMin: {x: 0, y: 1}
  m_AnchorMax: {x: 0, y: 1}
  m_AnchoredPosition: {x: 0, y: 0}
  m_SizeDelta: {x: 1318, y: 215}
  m_Pivot: {x: 0, y: 1}
--- !u!114 &2764483049991921354
MonoBehaviour:
  m_ObjectHideFlags: 0
  m_CorrespondingSourceObject: {fileID: 0}
  m_PrefabInstance: {fileID: 0}
  m_PrefabAsset: {fileID: 0}
  m_GameObject: {fileID: 1905049278715274952}
  m_Enabled: 1
  m_EditorHideFlags: 0
  m_Script: {fileID: 11500000, guid: 59f8146938fff824cb5fd77236b75775, type: 3}
  m_Name: 
  m_EditorClassIdentifier: 
  m_Padding:
    m_Left: 0
    m_Right: 0
    m_Top: 25
    m_Bottom: 20
  m_ChildAlignment: 1
  m_Spacing: 20
  m_ChildForceExpandWidth: 1
  m_ChildForceExpandHeight: 1
  m_ChildControlWidth: 1
  m_ChildControlHeight: 0
  m_ChildScaleWidth: 0
  m_ChildScaleHeight: 0
  m_ReverseArrangement: 0
--- !u!114 &716002395486634577
MonoBehaviour:
  m_ObjectHideFlags: 0
  m_CorrespondingSourceObject: {fileID: 0}
  m_PrefabInstance: {fileID: 0}
  m_PrefabAsset: {fileID: 0}
  m_GameObject: {fileID: 1905049278715274952}
  m_Enabled: 1
  m_EditorHideFlags: 0
  m_Script: {fileID: 11500000, guid: 3245ec927659c4140ac4f8d17403cc18, type: 3}
  m_Name: 
  m_EditorClassIdentifier: 
  m_HorizontalFit: 0
  m_VerticalFit: 2
--- !u!114 &2375118732551957357
MonoBehaviour:
  m_ObjectHideFlags: 0
  m_CorrespondingSourceObject: {fileID: 0}
  m_PrefabInstance: {fileID: 0}
  m_PrefabAsset: {fileID: 0}
  m_GameObject: {fileID: 1905049278715274952}
  m_Enabled: 1
  m_EditorHideFlags: 0
  m_Script: {fileID: 11500000, guid: cf1e5f7bd3fc70146b235cad0a47c59c, type: 3}
  m_Name: 
  m_EditorClassIdentifier: 
  parentFactorToScale: 1
  checkWidth: 1
  checkHeight: 0
--- !u!1 &3547703430091683267
GameObject:
  m_ObjectHideFlags: 0
  m_CorrespondingSourceObject: {fileID: 0}
  m_PrefabInstance: {fileID: 0}
  m_PrefabAsset: {fileID: 0}
  serializedVersion: 6
  m_Component:
  - component: {fileID: 3984205743145564159}
  - component: {fileID: 5606822111377118246}
  - component: {fileID: 5063453832996629849}
  m_Layer: 5
  m_Name: PodiumRows
  m_TagString: Untagged
  m_Icon: {fileID: 0}
  m_NavMeshLayer: 0
  m_StaticEditorFlags: 0
  m_IsActive: 1
--- !u!224 &3984205743145564159
RectTransform:
  m_ObjectHideFlags: 0
  m_CorrespondingSourceObject: {fileID: 0}
  m_PrefabInstance: {fileID: 0}
  m_PrefabAsset: {fileID: 0}
  m_GameObject: {fileID: 3547703430091683267}
  m_LocalRotation: {x: 0, y: 0, z: 0, w: 1}
  m_LocalPosition: {x: 0, y: 0, z: 0}
  m_LocalScale: {x: 1, y: 1, z: 1}
  m_Children:
  - {fileID: 8971236430108899557}
  - {fileID: 6223409741924190164}
  - {fileID: 2257600003257785278}
  m_Father: {fileID: 1352865038683420033}
  m_RootOrder: 1
  m_LocalEulerAnglesHint: {x: 0, y: 0, z: 0}
  m_AnchorMin: {x: 0.5, y: 0.5}
  m_AnchorMax: {x: 0.5, y: 0.5}
  m_AnchoredPosition: {x: 0, y: 243.66}
  m_SizeDelta: {x: 1331.484, y: 512.685}
  m_Pivot: {x: 0.5, y: 0.5}
--- !u!114 &5606822111377118246
MonoBehaviour:
  m_ObjectHideFlags: 0
  m_CorrespondingSourceObject: {fileID: 0}
  m_PrefabInstance: {fileID: 0}
  m_PrefabAsset: {fileID: 0}
  m_GameObject: {fileID: 3547703430091683267}
  m_Enabled: 1
  m_EditorHideFlags: 0
  m_Script: {fileID: 11500000, guid: 30649d3a9faa99c48a7b1166b86bf2a0, type: 3}
  m_Name: 
  m_EditorClassIdentifier: 
  m_Padding:
    m_Left: 0
    m_Right: 0
    m_Top: 0
    m_Bottom: 0
  m_ChildAlignment: 0
  m_Spacing: 0
  m_ChildForceExpandWidth: 1
  m_ChildForceExpandHeight: 1
  m_ChildControlWidth: 0
  m_ChildControlHeight: 0
  m_ChildScaleWidth: 0
  m_ChildScaleHeight: 0
  m_ReverseArrangement: 0
--- !u!114 &5063453832996629849
MonoBehaviour:
  m_ObjectHideFlags: 0
  m_CorrespondingSourceObject: {fileID: 0}
  m_PrefabInstance: {fileID: 0}
  m_PrefabAsset: {fileID: 0}
  m_GameObject: {fileID: 3547703430091683267}
  m_Enabled: 1
  m_EditorHideFlags: 0
  m_Script: {fileID: 11500000, guid: 3245ec927659c4140ac4f8d17403cc18, type: 3}
  m_Name: 
  m_EditorClassIdentifier: 
  m_HorizontalFit: 2
  m_VerticalFit: 2
--- !u!1 &3647915877494483094
GameObject:
  m_ObjectHideFlags: 0
  m_CorrespondingSourceObject: {fileID: 0}
  m_PrefabInstance: {fileID: 0}
  m_PrefabAsset: {fileID: 0}
  serializedVersion: 6
  m_Component:
  - component: {fileID: 4943165471262546192}
  - component: {fileID: 7928441884594469613}
  - component: {fileID: 2320064950939600840}
  m_Layer: 5
  m_Name: Background
  m_TagString: Untagged
  m_Icon: {fileID: 0}
  m_NavMeshLayer: 0
  m_StaticEditorFlags: 0
  m_IsActive: 1
--- !u!224 &4943165471262546192
RectTransform:
  m_ObjectHideFlags: 0
  m_CorrespondingSourceObject: {fileID: 0}
  m_PrefabInstance: {fileID: 0}
  m_PrefabAsset: {fileID: 0}
  m_GameObject: {fileID: 3647915877494483094}
  m_LocalRotation: {x: -0, y: -0, z: -0, w: 1}
  m_LocalPosition: {x: 0, y: 0, z: 0}
  m_LocalScale: {x: 1, y: 1, z: 1}
  m_Children: []
  m_Father: {fileID: 1749461433239853175}
  m_RootOrder: 0
  m_LocalEulerAnglesHint: {x: 0, y: 0, z: 0}
  m_AnchorMin: {x: 0.5, y: 0.5}
  m_AnchorMax: {x: 0.5, y: 0.5}
  m_AnchoredPosition: {x: -47.768, y: -8.268}
  m_SizeDelta: {x: 1262.714, y: 442.206}
  m_Pivot: {x: 0.5, y: 0.5}
--- !u!222 &7928441884594469613
CanvasRenderer:
  m_ObjectHideFlags: 0
  m_CorrespondingSourceObject: {fileID: 0}
  m_PrefabInstance: {fileID: 0}
  m_PrefabAsset: {fileID: 0}
  m_GameObject: {fileID: 3647915877494483094}
  m_CullTransparentMesh: 1
--- !u!114 &2320064950939600840
MonoBehaviour:
  m_ObjectHideFlags: 0
  m_CorrespondingSourceObject: {fileID: 0}
  m_PrefabInstance: {fileID: 0}
  m_PrefabAsset: {fileID: 0}
  m_GameObject: {fileID: 3647915877494483094}
  m_Enabled: 1
  m_EditorHideFlags: 0
  m_Script: {fileID: 11500000, guid: fe87c0e1cc204ed48ad3b37840f39efc, type: 3}
  m_Name: 
  m_EditorClassIdentifier: 
  m_Material: {fileID: 0}
  m_Color: {r: 1, g: 1, b: 1, a: 1}
  m_RaycastTarget: 1
  m_RaycastPadding: {x: 0, y: 0, z: 0, w: 0}
  m_Maskable: 1
  m_OnCullStateChanged:
    m_PersistentCalls:
      m_Calls: []
  m_Sprite: {fileID: 21300000, guid: 976c2de379ea6214dada3f9da4e822d2, type: 3}
  m_Type: 1
  m_PreserveAspect: 0
  m_FillCenter: 1
  m_FillMethod: 4
  m_FillAmount: 1
  m_FillClockwise: 1
  m_FillOrigin: 0
  m_UseSpriteMesh: 0
  m_PixelsPerUnitMultiplier: 1
--- !u!1 &4219176735149642396
GameObject:
  m_ObjectHideFlags: 0
  m_CorrespondingSourceObject: {fileID: 0}
  m_PrefabInstance: {fileID: 0}
  m_PrefabAsset: {fileID: 0}
  serializedVersion: 6
  m_Component:
  - component: {fileID: 4821723744565043047}
  - component: {fileID: 2391884089861550176}
  - component: {fileID: 2577143061179944013}
  - component: {fileID: 1480813839971603094}
  m_Layer: 5
  m_Name: Scrollbar
  m_TagString: Untagged
  m_Icon: {fileID: 0}
  m_NavMeshLayer: 0
  m_StaticEditorFlags: 0
  m_IsActive: 1
--- !u!224 &4821723744565043047
RectTransform:
  m_ObjectHideFlags: 0
  m_CorrespondingSourceObject: {fileID: 0}
  m_PrefabInstance: {fileID: 0}
  m_PrefabAsset: {fileID: 0}
  m_GameObject: {fileID: 4219176735149642396}
  m_LocalRotation: {x: 0, y: 0, z: 0, w: 1}
  m_LocalPosition: {x: 0, y: 0, z: 0}
  m_LocalScale: {x: 1, y: 1, z: 1}
  m_Children:
  - {fileID: 8765992353503218649}
  m_Father: {fileID: 1749461433239853175}
  m_RootOrder: 2
  m_LocalEulerAnglesHint: {x: 0, y: 0, z: 0}
  m_AnchorMin: {x: 0.5, y: 0.5}
  m_AnchorMax: {x: 0.5, y: 0.5}
  m_AnchoredPosition: {x: 644, y: 0}
  m_SizeDelta: {x: 35, y: 410}
  m_Pivot: {x: 0.5, y: 0.5}
--- !u!222 &2391884089861550176
CanvasRenderer:
  m_ObjectHideFlags: 0
  m_CorrespondingSourceObject: {fileID: 0}
  m_PrefabInstance: {fileID: 0}
  m_PrefabAsset: {fileID: 0}
  m_GameObject: {fileID: 4219176735149642396}
  m_CullTransparentMesh: 1
--- !u!114 &2577143061179944013
MonoBehaviour:
  m_ObjectHideFlags: 0
  m_CorrespondingSourceObject: {fileID: 0}
  m_PrefabInstance: {fileID: 0}
  m_PrefabAsset: {fileID: 0}
  m_GameObject: {fileID: 4219176735149642396}
  m_Enabled: 1
  m_EditorHideFlags: 0
  m_Script: {fileID: 11500000, guid: fe87c0e1cc204ed48ad3b37840f39efc, type: 3}
  m_Name: 
  m_EditorClassIdentifier: 
  m_Material: {fileID: 0}
  m_Color: {r: 1, g: 1, b: 1, a: 1}
  m_RaycastTarget: 1
  m_RaycastPadding: {x: 0, y: 0, z: 0, w: 0}
  m_Maskable: 1
  m_OnCullStateChanged:
    m_PersistentCalls:
      m_Calls: []
  m_Sprite: {fileID: 21300000, guid: 976c2de379ea6214dada3f9da4e822d2, type: 3}
  m_Type: 1
  m_PreserveAspect: 0
  m_FillCenter: 1
  m_FillMethod: 4
  m_FillAmount: 1
  m_FillClockwise: 1
  m_FillOrigin: 0
  m_UseSpriteMesh: 0
  m_PixelsPerUnitMultiplier: 6
--- !u!114 &1480813839971603094
MonoBehaviour:
  m_ObjectHideFlags: 0
  m_CorrespondingSourceObject: {fileID: 0}
  m_PrefabInstance: {fileID: 0}
  m_PrefabAsset: {fileID: 0}
  m_GameObject: {fileID: 4219176735149642396}
  m_Enabled: 1
  m_EditorHideFlags: 0
  m_Script: {fileID: 11500000, guid: 2a4db7a114972834c8e4117be1d82ba3, type: 3}
  m_Name: 
  m_EditorClassIdentifier: 
  m_Navigation:
    m_Mode: 3
    m_WrapAround: 0
    m_SelectOnUp: {fileID: 0}
    m_SelectOnDown: {fileID: 0}
    m_SelectOnLeft: {fileID: 0}
    m_SelectOnRight: {fileID: 0}
  m_Transition: 1
  m_Colors:
    m_NormalColor: {r: 1, g: 1, b: 1, a: 1}
    m_HighlightedColor: {r: 0.9607843, g: 0.9607843, b: 0.9607843, a: 1}
    m_PressedColor: {r: 0.8584906, g: 0.8584906, b: 0.8584906, a: 1}
    m_SelectedColor: {r: 0.9607843, g: 0.9607843, b: 0.9607843, a: 1}
    m_DisabledColor: {r: 0.78431374, g: 0.78431374, b: 0.78431374, a: 0.5019608}
    m_ColorMultiplier: 1
    m_FadeDuration: 0.1
  m_SpriteState:
    m_HighlightedSprite: {fileID: 0}
    m_PressedSprite: {fileID: 0}
    m_SelectedSprite: {fileID: 0}
    m_DisabledSprite: {fileID: 0}
  m_AnimationTriggers:
    m_NormalTrigger: Normal
    m_HighlightedTrigger: Highlighted
    m_PressedTrigger: Pressed
    m_SelectedTrigger: Selected
    m_DisabledTrigger: Disabled
  m_Interactable: 1
  m_TargetGraphic: {fileID: 2376057174162165639}
  m_HandleRect: {fileID: 5830459836148267731}
  m_Direction: 2
  m_Value: 0
  m_Size: 1
  m_NumberOfSteps: 0
  m_OnValueChanged:
    m_PersistentCalls:
      m_Calls: []
--- !u!1 &4633114046384210125
GameObject:
  m_ObjectHideFlags: 0
  m_CorrespondingSourceObject: {fileID: 0}
  m_PrefabInstance: {fileID: 0}
  m_PrefabAsset: {fileID: 0}
  serializedVersion: 6
  m_Component:
  - component: {fileID: 8765992353503218649}
  m_Layer: 5
  m_Name: Sliding Area
  m_TagString: Untagged
  m_Icon: {fileID: 0}
  m_NavMeshLayer: 0
  m_StaticEditorFlags: 0
  m_IsActive: 1
--- !u!224 &8765992353503218649
RectTransform:
  m_ObjectHideFlags: 0
  m_CorrespondingSourceObject: {fileID: 0}
  m_PrefabInstance: {fileID: 0}
  m_PrefabAsset: {fileID: 0}
  m_GameObject: {fileID: 4633114046384210125}
  m_LocalRotation: {x: -0, y: -0, z: -0, w: 1}
  m_LocalPosition: {x: 0, y: 0, z: 0}
  m_LocalScale: {x: 1, y: 1, z: 1}
  m_Children:
  - {fileID: 5830459836148267731}
  m_Father: {fileID: 4821723744565043047}
  m_RootOrder: 0
  m_LocalEulerAnglesHint: {x: 0, y: 0, z: 0}
  m_AnchorMin: {x: 0, y: 0}
  m_AnchorMax: {x: 1, y: 1}
  m_AnchoredPosition: {x: 0.000061035156, y: 0}
  m_SizeDelta: {x: -20, y: -20}
  m_Pivot: {x: 0.5, y: 0.5}
--- !u!1 &4654320584465171169
GameObject:
  m_ObjectHideFlags: 0
  m_CorrespondingSourceObject: {fileID: 0}
  m_PrefabInstance: {fileID: 0}
  m_PrefabAsset: {fileID: 0}
  serializedVersion: 6
  m_Component:
  - component: {fileID: 8958329978407277507}
  - component: {fileID: 1504723320740692820}
  - component: {fileID: 2796388594541602637}
  - component: {fileID: 4985418389359189006}
  m_Layer: 5
  m_Name: Viewport
  m_TagString: Untagged
  m_Icon: {fileID: 0}
  m_NavMeshLayer: 0
  m_StaticEditorFlags: 0
  m_IsActive: 1
--- !u!224 &8958329978407277507
RectTransform:
  m_ObjectHideFlags: 0
  m_CorrespondingSourceObject: {fileID: 0}
  m_PrefabInstance: {fileID: 0}
  m_PrefabAsset: {fileID: 0}
  m_GameObject: {fileID: 4654320584465171169}
  m_LocalRotation: {x: 0, y: 0, z: 0, w: 1}
  m_LocalPosition: {x: 0, y: 0, z: 0}
  m_LocalScale: {x: 1, y: 1, z: 1}
  m_Children:
  - {fileID: 7717719019019967704}
  m_Father: {fileID: 1749461433239853175}
  m_RootOrder: 1
  m_LocalEulerAnglesHint: {x: 0, y: 0, z: 0}
  m_AnchorMin: {x: 0, y: 0}
  m_AnchorMax: {x: 1, y: 1}
  m_AnchoredPosition: {x: 0, y: 0}
  m_SizeDelta: {x: -65, y: 0}
  m_Pivot: {x: 0, y: 1}
--- !u!222 &1504723320740692820
CanvasRenderer:
  m_ObjectHideFlags: 0
  m_CorrespondingSourceObject: {fileID: 0}
  m_PrefabInstance: {fileID: 0}
  m_PrefabAsset: {fileID: 0}
  m_GameObject: {fileID: 4654320584465171169}
  m_CullTransparentMesh: 1
--- !u!114 &2796388594541602637
MonoBehaviour:
  m_ObjectHideFlags: 0
  m_CorrespondingSourceObject: {fileID: 0}
  m_PrefabInstance: {fileID: 0}
  m_PrefabAsset: {fileID: 0}
  m_GameObject: {fileID: 4654320584465171169}
  m_Enabled: 1
  m_EditorHideFlags: 0
  m_Script: {fileID: 11500000, guid: fe87c0e1cc204ed48ad3b37840f39efc, type: 3}
  m_Name: 
  m_EditorClassIdentifier: 
  m_Material: {fileID: 0}
  m_Color: {r: 1, g: 1, b: 1, a: 1}
  m_RaycastTarget: 1
  m_RaycastPadding: {x: 0, y: 0, z: 0, w: 0}
  m_Maskable: 1
  m_OnCullStateChanged:
    m_PersistentCalls:
      m_Calls: []
  m_Sprite: {fileID: 0}
  m_Type: 0
  m_PreserveAspect: 0
  m_FillCenter: 1
  m_FillMethod: 4
  m_FillAmount: 1
  m_FillClockwise: 1
  m_FillOrigin: 0
  m_UseSpriteMesh: 0
  m_PixelsPerUnitMultiplier: 1
--- !u!114 &4985418389359189006
MonoBehaviour:
  m_ObjectHideFlags: 0
  m_CorrespondingSourceObject: {fileID: 0}
  m_PrefabInstance: {fileID: 0}
  m_PrefabAsset: {fileID: 0}
  m_GameObject: {fileID: 4654320584465171169}
  m_Enabled: 1
  m_EditorHideFlags: 0
  m_Script: {fileID: 11500000, guid: 31a19414c41e5ae4aae2af33fee712f6, type: 3}
  m_Name: 
  m_EditorClassIdentifier: 
  m_ShowMaskGraphic: 0
--- !u!1 &5742538087279618596
GameObject:
  m_ObjectHideFlags: 0
  m_CorrespondingSourceObject: {fileID: 0}
  m_PrefabInstance: {fileID: 0}
  m_PrefabAsset: {fileID: 0}
  serializedVersion: 6
  m_Component:
  - component: {fileID: 5830459836148267731}
  - component: {fileID: 3531267763323366300}
  - component: {fileID: 2376057174162165639}
  m_Layer: 5
  m_Name: Handle
  m_TagString: Untagged
  m_Icon: {fileID: 0}
  m_NavMeshLayer: 0
  m_StaticEditorFlags: 0
  m_IsActive: 1
--- !u!224 &5830459836148267731
RectTransform:
  m_ObjectHideFlags: 0
  m_CorrespondingSourceObject: {fileID: 0}
  m_PrefabInstance: {fileID: 0}
  m_PrefabAsset: {fileID: 0}
  m_GameObject: {fileID: 5742538087279618596}
  m_LocalRotation: {x: -0, y: -0, z: -0, w: 1}
  m_LocalPosition: {x: 0, y: 0, z: 0}
  m_LocalScale: {x: 1, y: 1, z: 1}
  m_Children: []
  m_Father: {fileID: 8765992353503218649}
  m_RootOrder: 0
  m_LocalEulerAnglesHint: {x: 0, y: 0, z: 0}
  m_AnchorMin: {x: 0, y: 0}
  m_AnchorMax: {x: 1, y: 1}
  m_AnchoredPosition: {x: 0, y: -2.5}
  m_SizeDelta: {x: 10, y: 15}
  m_Pivot: {x: 0.5, y: 0.5}
--- !u!222 &3531267763323366300
CanvasRenderer:
  m_ObjectHideFlags: 0
  m_CorrespondingSourceObject: {fileID: 0}
  m_PrefabInstance: {fileID: 0}
  m_PrefabAsset: {fileID: 0}
  m_GameObject: {fileID: 5742538087279618596}
  m_CullTransparentMesh: 1
--- !u!114 &2376057174162165639
MonoBehaviour:
  m_ObjectHideFlags: 0
  m_CorrespondingSourceObject: {fileID: 0}
  m_PrefabInstance: {fileID: 0}
  m_PrefabAsset: {fileID: 0}
  m_GameObject: {fileID: 5742538087279618596}
  m_Enabled: 1
  m_EditorHideFlags: 0
  m_Script: {fileID: 11500000, guid: fe87c0e1cc204ed48ad3b37840f39efc, type: 3}
  m_Name: 
  m_EditorClassIdentifier: 
  m_Material: {fileID: 0}
  m_Color: {r: 0.7960785, g: 0.7960785, b: 0.7960785, a: 1}
  m_RaycastTarget: 1
  m_RaycastPadding: {x: 0, y: 0, z: 0, w: 0}
  m_Maskable: 1
  m_OnCullStateChanged:
    m_PersistentCalls:
      m_Calls: []
  m_Sprite: {fileID: 21300000, guid: 583ab4fc3380d77418a62c9a76d7beda, type: 3}
  m_Type: 1
  m_PreserveAspect: 0
  m_FillCenter: 1
  m_FillMethod: 4
  m_FillAmount: 1
  m_FillClockwise: 1
  m_FillOrigin: 0
  m_UseSpriteMesh: 0
  m_PixelsPerUnitMultiplier: 6
--- !u!1 &5905738693252419098
GameObject:
  m_ObjectHideFlags: 0
  m_CorrespondingSourceObject: {fileID: 0}
  m_PrefabInstance: {fileID: 0}
  m_PrefabAsset: {fileID: 0}
  serializedVersion: 6
  m_Component:
  - component: {fileID: 3116459448542155269}
  m_Layer: 5
  m_Name: Panel
  m_TagString: Untagged
  m_Icon: {fileID: 0}
  m_NavMeshLayer: 0
  m_StaticEditorFlags: 0
  m_IsActive: 0
--- !u!224 &3116459448542155269
RectTransform:
  m_ObjectHideFlags: 0
  m_CorrespondingSourceObject: {fileID: 0}
  m_PrefabInstance: {fileID: 0}
  m_PrefabAsset: {fileID: 0}
  m_GameObject: {fileID: 5905738693252419098}
  m_LocalRotation: {x: 0, y: 0, z: 0, w: 1}
  m_LocalPosition: {x: 0, y: 0, z: 0}
  m_LocalScale: {x: 1, y: 1, z: 1}
  m_Children:
  - {fileID: 1352865038644238111}
  - {fileID: 1749461433239853175}
  m_Father: {fileID: 1352865039803563779}
  m_RootOrder: 0
  m_LocalEulerAnglesHint: {x: 0, y: 0, z: 0}
  m_AnchorMin: {x: 0, y: 0}
  m_AnchorMax: {x: 1, y: 1}
  m_AnchoredPosition: {x: 0, y: 0}
  m_SizeDelta: {x: 0, y: 0}
  m_Pivot: {x: 0.5, y: 0.5}
--- !u!1001 &702661288155116485
PrefabInstance:
  m_ObjectHideFlags: 0
  serializedVersion: 2
  m_Modification:
    m_TransformParent: {fileID: 3984205743145564159}
    m_Modifications:
    - target: {fileID: 4060221758645111871, guid: 9491e5eebf4e9e4499fd255caba8d223, type: 3}
      propertyPath: m_FontData.m_Font
      value: 
      objectReference: {fileID: 12800000, guid: 80e209d2c913f0545b75a2f7330d7d30, type: 3}
    - target: {fileID: 7872426457687222510, guid: 9491e5eebf4e9e4499fd255caba8d223, type: 3}
      propertyPath: m_Name
      value: PodiumRow (1)
      objectReference: {fileID: 0}
    - target: {fileID: 8156936368918221412, guid: 9491e5eebf4e9e4499fd255caba8d223, type: 3}
      propertyPath: m_FontData.m_Font
      value: 
      objectReference: {fileID: 12800000, guid: 80e209d2c913f0545b75a2f7330d7d30, type: 3}
    - target: {fileID: 8448865839683750688, guid: 9491e5eebf4e9e4499fd255caba8d223, type: 3}
      propertyPath: m_Pivot.x
      value: 0.5
      objectReference: {fileID: 0}
    - target: {fileID: 8448865839683750688, guid: 9491e5eebf4e9e4499fd255caba8d223, type: 3}
      propertyPath: m_Pivot.y
      value: 0.5
      objectReference: {fileID: 0}
    - target: {fileID: 8448865839683750688, guid: 9491e5eebf4e9e4499fd255caba8d223, type: 3}
      propertyPath: m_RootOrder
      value: 0
      objectReference: {fileID: 0}
    - target: {fileID: 8448865839683750688, guid: 9491e5eebf4e9e4499fd255caba8d223, type: 3}
      propertyPath: m_AnchorMax.x
      value: 0
      objectReference: {fileID: 0}
    - target: {fileID: 8448865839683750688, guid: 9491e5eebf4e9e4499fd255caba8d223, type: 3}
      propertyPath: m_AnchorMax.y
      value: 1
      objectReference: {fileID: 0}
    - target: {fileID: 8448865839683750688, guid: 9491e5eebf4e9e4499fd255caba8d223, type: 3}
      propertyPath: m_AnchorMin.x
      value: 0
      objectReference: {fileID: 0}
    - target: {fileID: 8448865839683750688, guid: 9491e5eebf4e9e4499fd255caba8d223, type: 3}
      propertyPath: m_AnchorMin.y
      value: 1
      objectReference: {fileID: 0}
    - target: {fileID: 8448865839683750688, guid: 9491e5eebf4e9e4499fd255caba8d223, type: 3}
      propertyPath: m_SizeDelta.x
      value: 443.828
      objectReference: {fileID: 0}
    - target: {fileID: 8448865839683750688, guid: 9491e5eebf4e9e4499fd255caba8d223, type: 3}
      propertyPath: m_SizeDelta.y
      value: 512.685
      objectReference: {fileID: 0}
    - target: {fileID: 8448865839683750688, guid: 9491e5eebf4e9e4499fd255caba8d223, type: 3}
      propertyPath: m_LocalPosition.x
      value: 0
      objectReference: {fileID: 0}
    - target: {fileID: 8448865839683750688, guid: 9491e5eebf4e9e4499fd255caba8d223, type: 3}
      propertyPath: m_LocalPosition.y
      value: 0
      objectReference: {fileID: 0}
    - target: {fileID: 8448865839683750688, guid: 9491e5eebf4e9e4499fd255caba8d223, type: 3}
      propertyPath: m_LocalPosition.z
      value: 0
      objectReference: {fileID: 0}
    - target: {fileID: 8448865839683750688, guid: 9491e5eebf4e9e4499fd255caba8d223, type: 3}
      propertyPath: m_LocalRotation.w
      value: 1
      objectReference: {fileID: 0}
    - target: {fileID: 8448865839683750688, guid: 9491e5eebf4e9e4499fd255caba8d223, type: 3}
      propertyPath: m_LocalRotation.x
      value: 0
      objectReference: {fileID: 0}
    - target: {fileID: 8448865839683750688, guid: 9491e5eebf4e9e4499fd255caba8d223, type: 3}
      propertyPath: m_LocalRotation.y
      value: 0
      objectReference: {fileID: 0}
    - target: {fileID: 8448865839683750688, guid: 9491e5eebf4e9e4499fd255caba8d223, type: 3}
      propertyPath: m_LocalRotation.z
      value: 0
      objectReference: {fileID: 0}
    - target: {fileID: 8448865839683750688, guid: 9491e5eebf4e9e4499fd255caba8d223, type: 3}
      propertyPath: m_AnchoredPosition.x
      value: 221.914
      objectReference: {fileID: 0}
    - target: {fileID: 8448865839683750688, guid: 9491e5eebf4e9e4499fd255caba8d223, type: 3}
      propertyPath: m_AnchoredPosition.y
      value: -256.3425
      objectReference: {fileID: 0}
    - target: {fileID: 8448865839683750688, guid: 9491e5eebf4e9e4499fd255caba8d223, type: 3}
      propertyPath: m_LocalEulerAnglesHint.x
      value: 0
      objectReference: {fileID: 0}
    - target: {fileID: 8448865839683750688, guid: 9491e5eebf4e9e4499fd255caba8d223, type: 3}
      propertyPath: m_LocalEulerAnglesHint.y
      value: 0
      objectReference: {fileID: 0}
    - target: {fileID: 8448865839683750688, guid: 9491e5eebf4e9e4499fd255caba8d223, type: 3}
      propertyPath: m_LocalEulerAnglesHint.z
      value: 0
      objectReference: {fileID: 0}
    - target: {fileID: 8662373461278822725, guid: 9491e5eebf4e9e4499fd255caba8d223, type: 3}
      propertyPath: m_FontData.m_Font
      value: 
      objectReference: {fileID: 12800000, guid: 80e209d2c913f0545b75a2f7330d7d30, type: 3}
    m_RemovedComponents: []
  m_SourcePrefab: {fileID: 100100000, guid: 9491e5eebf4e9e4499fd255caba8d223, type: 3}
--- !u!114 &7218226482118192979 stripped
MonoBehaviour:
  m_CorrespondingSourceObject: {fileID: 7920723480362851478, guid: 9491e5eebf4e9e4499fd255caba8d223, type: 3}
  m_PrefabInstance: {fileID: 702661288155116485}
  m_PrefabAsset: {fileID: 0}
  m_GameObject: {fileID: 0}
  m_Enabled: 1
  m_EditorHideFlags: 0
  m_Script: {fileID: 11500000, guid: 9855f2fd73a26f74094d164200565724, type: 3}
  m_Name: 
  m_EditorClassIdentifier: 
--- !u!224 &8971236430108899557 stripped
RectTransform:
  m_CorrespondingSourceObject: {fileID: 8448865839683750688, guid: 9491e5eebf4e9e4499fd255caba8d223, type: 3}
  m_PrefabInstance: {fileID: 702661288155116485}
  m_PrefabAsset: {fileID: 0}
--- !u!1001 &1908724541703325801
PrefabInstance:
  m_ObjectHideFlags: 0
  serializedVersion: 2
  m_Modification:
    m_TransformParent: {fileID: 7717719019019967704}
    m_Modifications:
    - target: {fileID: 1780770965249183064, guid: e0c070f9b740b7a4dabbba66df5c45b0, type: 3}
      propertyPath: m_Pivot.x
      value: 0.5
      objectReference: {fileID: 0}
    - target: {fileID: 1780770965249183064, guid: e0c070f9b740b7a4dabbba66df5c45b0, type: 3}
      propertyPath: m_Pivot.y
      value: 0.5
      objectReference: {fileID: 0}
    - target: {fileID: 1780770965249183064, guid: e0c070f9b740b7a4dabbba66df5c45b0, type: 3}
      propertyPath: m_RootOrder
      value: 0
      objectReference: {fileID: 0}
    - target: {fileID: 1780770965249183064, guid: e0c070f9b740b7a4dabbba66df5c45b0, type: 3}
      propertyPath: m_AnchorMax.x
      value: 0
      objectReference: {fileID: 0}
    - target: {fileID: 1780770965249183064, guid: e0c070f9b740b7a4dabbba66df5c45b0, type: 3}
      propertyPath: m_AnchorMax.y
      value: 1
      objectReference: {fileID: 0}
    - target: {fileID: 1780770965249183064, guid: e0c070f9b740b7a4dabbba66df5c45b0, type: 3}
      propertyPath: m_AnchorMin.x
      value: 0
      objectReference: {fileID: 0}
    - target: {fileID: 1780770965249183064, guid: e0c070f9b740b7a4dabbba66df5c45b0, type: 3}
      propertyPath: m_AnchorMin.y
      value: 1
      objectReference: {fileID: 0}
    - target: {fileID: 1780770965249183064, guid: e0c070f9b740b7a4dabbba66df5c45b0, type: 3}
      propertyPath: m_SizeDelta.x
      value: 1318
      objectReference: {fileID: 0}
    - target: {fileID: 1780770965249183064, guid: e0c070f9b740b7a4dabbba66df5c45b0, type: 3}
      propertyPath: m_SizeDelta.y
      value: 170
      objectReference: {fileID: 0}
    - target: {fileID: 1780770965249183064, guid: e0c070f9b740b7a4dabbba66df5c45b0, type: 3}
      propertyPath: m_LocalScale.x
      value: 1
      objectReference: {fileID: 0}
    - target: {fileID: 1780770965249183064, guid: e0c070f9b740b7a4dabbba66df5c45b0, type: 3}
      propertyPath: m_LocalScale.y
      value: 1
      objectReference: {fileID: 0}
    - target: {fileID: 1780770965249183064, guid: e0c070f9b740b7a4dabbba66df5c45b0, type: 3}
      propertyPath: m_LocalScale.z
      value: 1
      objectReference: {fileID: 0}
    - target: {fileID: 1780770965249183064, guid: e0c070f9b740b7a4dabbba66df5c45b0, type: 3}
      propertyPath: m_LocalPosition.x
      value: 0
      objectReference: {fileID: 0}
    - target: {fileID: 1780770965249183064, guid: e0c070f9b740b7a4dabbba66df5c45b0, type: 3}
      propertyPath: m_LocalPosition.y
      value: 0
      objectReference: {fileID: 0}
    - target: {fileID: 1780770965249183064, guid: e0c070f9b740b7a4dabbba66df5c45b0, type: 3}
      propertyPath: m_LocalPosition.z
      value: 0
      objectReference: {fileID: 0}
    - target: {fileID: 1780770965249183064, guid: e0c070f9b740b7a4dabbba66df5c45b0, type: 3}
      propertyPath: m_LocalRotation.w
      value: 1
      objectReference: {fileID: 0}
    - target: {fileID: 1780770965249183064, guid: e0c070f9b740b7a4dabbba66df5c45b0, type: 3}
      propertyPath: m_LocalRotation.x
      value: -0
      objectReference: {fileID: 0}
    - target: {fileID: 1780770965249183064, guid: e0c070f9b740b7a4dabbba66df5c45b0, type: 3}
      propertyPath: m_LocalRotation.y
      value: -0
      objectReference: {fileID: 0}
    - target: {fileID: 1780770965249183064, guid: e0c070f9b740b7a4dabbba66df5c45b0, type: 3}
      propertyPath: m_LocalRotation.z
      value: -0
      objectReference: {fileID: 0}
    - target: {fileID: 1780770965249183064, guid: e0c070f9b740b7a4dabbba66df5c45b0, type: 3}
      propertyPath: m_AnchoredPosition.x
      value: 659
      objectReference: {fileID: 0}
    - target: {fileID: 1780770965249183064, guid: e0c070f9b740b7a4dabbba66df5c45b0, type: 3}
      propertyPath: m_AnchoredPosition.y
      value: -110
      objectReference: {fileID: 0}
    - target: {fileID: 1780770965249183064, guid: e0c070f9b740b7a4dabbba66df5c45b0, type: 3}
      propertyPath: m_LocalEulerAnglesHint.x
      value: 0
      objectReference: {fileID: 0}
    - target: {fileID: 1780770965249183064, guid: e0c070f9b740b7a4dabbba66df5c45b0, type: 3}
      propertyPath: m_LocalEulerAnglesHint.y
      value: 0
      objectReference: {fileID: 0}
    - target: {fileID: 1780770965249183064, guid: e0c070f9b740b7a4dabbba66df5c45b0, type: 3}
      propertyPath: m_LocalEulerAnglesHint.z
      value: 0
      objectReference: {fileID: 0}
    - target: {fileID: 5877437388064679742, guid: e0c070f9b740b7a4dabbba66df5c45b0, type: 3}
      propertyPath: m_Name
      value: AvgRow
      objectReference: {fileID: 0}
    - target: {fileID: 6904869788502067710, guid: e0c070f9b740b7a4dabbba66df5c45b0, type: 3}
      propertyPath: m_FontData.m_Font
      value: 
      objectReference: {fileID: 12800000, guid: 80e209d2c913f0545b75a2f7330d7d30, type: 3}
    - target: {fileID: 7043285192186450691, guid: e0c070f9b740b7a4dabbba66df5c45b0, type: 3}
      propertyPath: m_FontData.m_Font
      value: 
      objectReference: {fileID: 12800000, guid: 80e209d2c913f0545b75a2f7330d7d30, type: 3}
    - target: {fileID: 7400170695693275088, guid: e0c070f9b740b7a4dabbba66df5c45b0, type: 3}
      propertyPath: m_FontData.m_Font
      value: 
      objectReference: {fileID: 12800000, guid: 80e209d2c913f0545b75a2f7330d7d30, type: 3}
    m_RemovedComponents: []
  m_SourcePrefab: {fileID: 100100000, guid: e0c070f9b740b7a4dabbba66df5c45b0, type: 3}
--- !u!114 &8335707921216674935 stripped
MonoBehaviour:
  m_CorrespondingSourceObject: {fileID: 7625514370206503966, guid: e0c070f9b740b7a4dabbba66df5c45b0, type: 3}
  m_PrefabInstance: {fileID: 1908724541703325801}
  m_PrefabAsset: {fileID: 0}
  m_GameObject: {fileID: 0}
  m_Enabled: 1
  m_EditorHideFlags: 0
  m_Script: {fileID: 11500000, guid: 9855f2fd73a26f74094d164200565724, type: 3}
  m_Name: 
  m_EditorClassIdentifier: 
--- !u!224 &201455928771200305 stripped
RectTransform:
  m_CorrespondingSourceObject: {fileID: 1780770965249183064, guid: e0c070f9b740b7a4dabbba66df5c45b0, type: 3}
  m_PrefabInstance: {fileID: 1908724541703325801}
  m_PrefabAsset: {fileID: 0}
--- !u!1001 &2530346346239528180
PrefabInstance:
  m_ObjectHideFlags: 0
  serializedVersion: 2
  m_Modification:
    m_TransformParent: {fileID: 3984205743145564159}
    m_Modifications:
    - target: {fileID: 1876679125993200244, guid: 9491e5eebf4e9e4499fd255caba8d223, type: 3}
      propertyPath: m_AnchoredPosition.y
      value: -14.187029
      objectReference: {fileID: 0}
    - target: {fileID: 4060221758645111871, guid: 9491e5eebf4e9e4499fd255caba8d223, type: 3}
      propertyPath: m_FontData.m_Font
      value: 
      objectReference: {fileID: 12800000, guid: 80e209d2c913f0545b75a2f7330d7d30, type: 3}
    - target: {fileID: 4447276596857097972, guid: 9491e5eebf4e9e4499fd255caba8d223, type: 3}
      propertyPath: m_AnchoredPosition.y
      value: 113.83299
      objectReference: {fileID: 0}
    - target: {fileID: 4946304641017217493, guid: 9491e5eebf4e9e4499fd255caba8d223, type: 3}
      propertyPath: m_AnchoredPosition.y
      value: -78.46401
      objectReference: {fileID: 0}
    - target: {fileID: 7220271077516852004, guid: 9491e5eebf4e9e4499fd255caba8d223, type: 3}
      propertyPath: m_SizeDelta.y
      value: 482.31
      objectReference: {fileID: 0}
    - target: {fileID: 7220271077516852004, guid: 9491e5eebf4e9e4499fd255caba8d223, type: 3}
      propertyPath: m_AnchoredPosition.y
      value: 3
      objectReference: {fileID: 0}
    - target: {fileID: 7872426457687222510, guid: 9491e5eebf4e9e4499fd255caba8d223, type: 3}
      propertyPath: m_Name
      value: PodiumRow
      objectReference: {fileID: 0}
    - target: {fileID: 8120288411443904030, guid: 9491e5eebf4e9e4499fd255caba8d223, type: 3}
      propertyPath: m_SizeDelta.x
      value: 127.323
      objectReference: {fileID: 0}
    - target: {fileID: 8120288411443904030, guid: 9491e5eebf4e9e4499fd255caba8d223, type: 3}
      propertyPath: m_SizeDelta.y
      value: 116.449
      objectReference: {fileID: 0}
    - target: {fileID: 8120288411443904030, guid: 9491e5eebf4e9e4499fd255caba8d223, type: 3}
      propertyPath: m_AnchoredPosition.x
      value: -0.00094164
      objectReference: {fileID: 0}
    - target: {fileID: 8120288411443904030, guid: 9491e5eebf4e9e4499fd255caba8d223, type: 3}
      propertyPath: m_AnchoredPosition.y
      value: -158.18703
      objectReference: {fileID: 0}
    - target: {fileID: 8156936368918221412, guid: 9491e5eebf4e9e4499fd255caba8d223, type: 3}
      propertyPath: m_FontData.m_Font
      value: 
      objectReference: {fileID: 12800000, guid: 80e209d2c913f0545b75a2f7330d7d30, type: 3}
    - target: {fileID: 8448865839683750688, guid: 9491e5eebf4e9e4499fd255caba8d223, type: 3}
      propertyPath: m_Pivot.x
      value: 0.5
      objectReference: {fileID: 0}
    - target: {fileID: 8448865839683750688, guid: 9491e5eebf4e9e4499fd255caba8d223, type: 3}
      propertyPath: m_Pivot.y
      value: 0.5
      objectReference: {fileID: 0}
    - target: {fileID: 8448865839683750688, guid: 9491e5eebf4e9e4499fd255caba8d223, type: 3}
      propertyPath: m_RootOrder
      value: 1
      objectReference: {fileID: 0}
    - target: {fileID: 8448865839683750688, guid: 9491e5eebf4e9e4499fd255caba8d223, type: 3}
      propertyPath: m_AnchorMax.x
      value: 0
      objectReference: {fileID: 0}
    - target: {fileID: 8448865839683750688, guid: 9491e5eebf4e9e4499fd255caba8d223, type: 3}
      propertyPath: m_AnchorMax.y
      value: 1
      objectReference: {fileID: 0}
    - target: {fileID: 8448865839683750688, guid: 9491e5eebf4e9e4499fd255caba8d223, type: 3}
      propertyPath: m_AnchorMin.x
      value: 0
      objectReference: {fileID: 0}
    - target: {fileID: 8448865839683750688, guid: 9491e5eebf4e9e4499fd255caba8d223, type: 3}
      propertyPath: m_AnchorMin.y
      value: 1
      objectReference: {fileID: 0}
    - target: {fileID: 8448865839683750688, guid: 9491e5eebf4e9e4499fd255caba8d223, type: 3}
      propertyPath: m_SizeDelta.x
      value: 443.828
      objectReference: {fileID: 0}
    - target: {fileID: 8448865839683750688, guid: 9491e5eebf4e9e4499fd255caba8d223, type: 3}
      propertyPath: m_SizeDelta.y
      value: 512.685
      objectReference: {fileID: 0}
    - target: {fileID: 8448865839683750688, guid: 9491e5eebf4e9e4499fd255caba8d223, type: 3}
      propertyPath: m_LocalPosition.x
      value: 0
      objectReference: {fileID: 0}
    - target: {fileID: 8448865839683750688, guid: 9491e5eebf4e9e4499fd255caba8d223, type: 3}
      propertyPath: m_LocalPosition.y
      value: 0
      objectReference: {fileID: 0}
    - target: {fileID: 8448865839683750688, guid: 9491e5eebf4e9e4499fd255caba8d223, type: 3}
      propertyPath: m_LocalPosition.z
      value: 0
      objectReference: {fileID: 0}
    - target: {fileID: 8448865839683750688, guid: 9491e5eebf4e9e4499fd255caba8d223, type: 3}
      propertyPath: m_LocalRotation.w
      value: 1
      objectReference: {fileID: 0}
    - target: {fileID: 8448865839683750688, guid: 9491e5eebf4e9e4499fd255caba8d223, type: 3}
      propertyPath: m_LocalRotation.x
      value: 0
      objectReference: {fileID: 0}
    - target: {fileID: 8448865839683750688, guid: 9491e5eebf4e9e4499fd255caba8d223, type: 3}
      propertyPath: m_LocalRotation.y
      value: 0
      objectReference: {fileID: 0}
    - target: {fileID: 8448865839683750688, guid: 9491e5eebf4e9e4499fd255caba8d223, type: 3}
      propertyPath: m_LocalRotation.z
      value: 0
      objectReference: {fileID: 0}
    - target: {fileID: 8448865839683750688, guid: 9491e5eebf4e9e4499fd255caba8d223, type: 3}
      propertyPath: m_AnchoredPosition.x
      value: 665.742
      objectReference: {fileID: 0}
    - target: {fileID: 8448865839683750688, guid: 9491e5eebf4e9e4499fd255caba8d223, type: 3}
      propertyPath: m_AnchoredPosition.y
      value: -256.3425
      objectReference: {fileID: 0}
    - target: {fileID: 8448865839683750688, guid: 9491e5eebf4e9e4499fd255caba8d223, type: 3}
      propertyPath: m_LocalEulerAnglesHint.x
      value: 0
      objectReference: {fileID: 0}
    - target: {fileID: 8448865839683750688, guid: 9491e5eebf4e9e4499fd255caba8d223, type: 3}
      propertyPath: m_LocalEulerAnglesHint.y
      value: 0
      objectReference: {fileID: 0}
    - target: {fileID: 8448865839683750688, guid: 9491e5eebf4e9e4499fd255caba8d223, type: 3}
      propertyPath: m_LocalEulerAnglesHint.z
      value: 0
      objectReference: {fileID: 0}
    - target: {fileID: 8662373461278822725, guid: 9491e5eebf4e9e4499fd255caba8d223, type: 3}
      propertyPath: m_FontData.m_Font
      value: 
      objectReference: {fileID: 12800000, guid: 80e209d2c913f0545b75a2f7330d7d30, type: 3}
    - target: {fileID: 8662373461278822725, guid: 9491e5eebf4e9e4499fd255caba8d223, type: 3}
      propertyPath: m_FontData.m_MaxSize
      value: 101
      objectReference: {fileID: 0}
    - target: {fileID: 8662373461278822725, guid: 9491e5eebf4e9e4499fd255caba8d223, type: 3}
      propertyPath: m_FontData.m_FontSize
      value: 101
      objectReference: {fileID: 0}
    m_RemovedComponents: []
  m_SourcePrefab: {fileID: 100100000, guid: 9491e5eebf4e9e4499fd255caba8d223, type: 3}
--- !u!114 &5688477966423494754 stripped
MonoBehaviour:
  m_CorrespondingSourceObject: {fileID: 7920723480362851478, guid: 9491e5eebf4e9e4499fd255caba8d223, type: 3}
  m_PrefabInstance: {fileID: 2530346346239528180}
  m_PrefabAsset: {fileID: 0}
  m_GameObject: {fileID: 0}
  m_Enabled: 1
  m_EditorHideFlags: 0
  m_Script: {fileID: 11500000, guid: 9855f2fd73a26f74094d164200565724, type: 3}
  m_Name: 
  m_EditorClassIdentifier: 
--- !u!224 &6223409741924190164 stripped
RectTransform:
  m_CorrespondingSourceObject: {fileID: 8448865839683750688, guid: 9491e5eebf4e9e4499fd255caba8d223, type: 3}
  m_PrefabInstance: {fileID: 2530346346239528180}
  m_PrefabAsset: {fileID: 0}
--- !u!1001 &7644013237881639070
PrefabInstance:
  m_ObjectHideFlags: 0
  serializedVersion: 2
  m_Modification:
    m_TransformParent: {fileID: 3984205743145564159}
    m_Modifications:
    - target: {fileID: 4060221758645111871, guid: 9491e5eebf4e9e4499fd255caba8d223, type: 3}
      propertyPath: m_FontData.m_Font
      value: 
      objectReference: {fileID: 12800000, guid: 80e209d2c913f0545b75a2f7330d7d30, type: 3}
    - target: {fileID: 7872426457687222510, guid: 9491e5eebf4e9e4499fd255caba8d223, type: 3}
      propertyPath: m_Name
      value: PodiumRow (2)
      objectReference: {fileID: 0}
    - target: {fileID: 8156936368918221412, guid: 9491e5eebf4e9e4499fd255caba8d223, type: 3}
      propertyPath: m_FontData.m_Font
      value: 
      objectReference: {fileID: 12800000, guid: 80e209d2c913f0545b75a2f7330d7d30, type: 3}
    - target: {fileID: 8448865839683750688, guid: 9491e5eebf4e9e4499fd255caba8d223, type: 3}
      propertyPath: m_Pivot.x
      value: 0.5
      objectReference: {fileID: 0}
    - target: {fileID: 8448865839683750688, guid: 9491e5eebf4e9e4499fd255caba8d223, type: 3}
      propertyPath: m_Pivot.y
      value: 0.5
      objectReference: {fileID: 0}
    - target: {fileID: 8448865839683750688, guid: 9491e5eebf4e9e4499fd255caba8d223, type: 3}
      propertyPath: m_RootOrder
      value: 2
      objectReference: {fileID: 0}
    - target: {fileID: 8448865839683750688, guid: 9491e5eebf4e9e4499fd255caba8d223, type: 3}
      propertyPath: m_AnchorMax.x
      value: 0
      objectReference: {fileID: 0}
    - target: {fileID: 8448865839683750688, guid: 9491e5eebf4e9e4499fd255caba8d223, type: 3}
      propertyPath: m_AnchorMax.y
      value: 1
      objectReference: {fileID: 0}
    - target: {fileID: 8448865839683750688, guid: 9491e5eebf4e9e4499fd255caba8d223, type: 3}
      propertyPath: m_AnchorMin.x
      value: 0
      objectReference: {fileID: 0}
    - target: {fileID: 8448865839683750688, guid: 9491e5eebf4e9e4499fd255caba8d223, type: 3}
      propertyPath: m_AnchorMin.y
      value: 1
      objectReference: {fileID: 0}
    - target: {fileID: 8448865839683750688, guid: 9491e5eebf4e9e4499fd255caba8d223, type: 3}
      propertyPath: m_SizeDelta.x
      value: 443.828
      objectReference: {fileID: 0}
    - target: {fileID: 8448865839683750688, guid: 9491e5eebf4e9e4499fd255caba8d223, type: 3}
      propertyPath: m_SizeDelta.y
      value: 512.685
      objectReference: {fileID: 0}
    - target: {fileID: 8448865839683750688, guid: 9491e5eebf4e9e4499fd255caba8d223, type: 3}
      propertyPath: m_LocalPosition.x
      value: 0
      objectReference: {fileID: 0}
    - target: {fileID: 8448865839683750688, guid: 9491e5eebf4e9e4499fd255caba8d223, type: 3}
      propertyPath: m_LocalPosition.y
      value: 0
      objectReference: {fileID: 0}
    - target: {fileID: 8448865839683750688, guid: 9491e5eebf4e9e4499fd255caba8d223, type: 3}
      propertyPath: m_LocalPosition.z
      value: 0
      objectReference: {fileID: 0}
    - target: {fileID: 8448865839683750688, guid: 9491e5eebf4e9e4499fd255caba8d223, type: 3}
      propertyPath: m_LocalRotation.w
      value: 1
      objectReference: {fileID: 0}
    - target: {fileID: 8448865839683750688, guid: 9491e5eebf4e9e4499fd255caba8d223, type: 3}
      propertyPath: m_LocalRotation.x
      value: 0
      objectReference: {fileID: 0}
    - target: {fileID: 8448865839683750688, guid: 9491e5eebf4e9e4499fd255caba8d223, type: 3}
      propertyPath: m_LocalRotation.y
      value: 0
      objectReference: {fileID: 0}
    - target: {fileID: 8448865839683750688, guid: 9491e5eebf4e9e4499fd255caba8d223, type: 3}
      propertyPath: m_LocalRotation.z
      value: 0
      objectReference: {fileID: 0}
    - target: {fileID: 8448865839683750688, guid: 9491e5eebf4e9e4499fd255caba8d223, type: 3}
      propertyPath: m_AnchoredPosition.x
      value: 1109.5701
      objectReference: {fileID: 0}
    - target: {fileID: 8448865839683750688, guid: 9491e5eebf4e9e4499fd255caba8d223, type: 3}
      propertyPath: m_AnchoredPosition.y
      value: -256.3425
      objectReference: {fileID: 0}
    - target: {fileID: 8448865839683750688, guid: 9491e5eebf4e9e4499fd255caba8d223, type: 3}
      propertyPath: m_LocalEulerAnglesHint.x
      value: 0
      objectReference: {fileID: 0}
    - target: {fileID: 8448865839683750688, guid: 9491e5eebf4e9e4499fd255caba8d223, type: 3}
      propertyPath: m_LocalEulerAnglesHint.y
      value: 0
      objectReference: {fileID: 0}
    - target: {fileID: 8448865839683750688, guid: 9491e5eebf4e9e4499fd255caba8d223, type: 3}
      propertyPath: m_LocalEulerAnglesHint.z
      value: 0
      objectReference: {fileID: 0}
    - target: {fileID: 8662373461278822725, guid: 9491e5eebf4e9e4499fd255caba8d223, type: 3}
      propertyPath: m_FontData.m_Font
      value: 
      objectReference: {fileID: 12800000, guid: 80e209d2c913f0545b75a2f7330d7d30, type: 3}
    m_RemovedComponents: []
  m_SourcePrefab: {fileID: 100100000, guid: 9491e5eebf4e9e4499fd255caba8d223, type: 3}
--- !u!114 &574470088200948744 stripped
MonoBehaviour:
  m_CorrespondingSourceObject: {fileID: 7920723480362851478, guid: 9491e5eebf4e9e4499fd255caba8d223, type: 3}
  m_PrefabInstance: {fileID: 7644013237881639070}
  m_PrefabAsset: {fileID: 0}
  m_GameObject: {fileID: 0}
  m_Enabled: 1
  m_EditorHideFlags: 0
  m_Script: {fileID: 11500000, guid: 9855f2fd73a26f74094d164200565724, type: 3}
  m_Name: 
  m_EditorClassIdentifier: 
--- !u!224 &2257600003257785278 stripped
RectTransform:
  m_CorrespondingSourceObject: {fileID: 8448865839683750688, guid: 9491e5eebf4e9e4499fd255caba8d223, type: 3}
  m_PrefabInstance: {fileID: 7644013237881639070}
  m_PrefabAsset: {fileID: 0}
